<?xml version="1.0" encoding="UTF-8"?><record xmlns="http://www.loc.gov/MARC21/slim" xmlns:cinclude="http://apache.org/cocoon/include/1.0" xmlns:zs="http://www.loc.gov/zing/srw/">
  <leader>00531nz  a2200145n  4500</leader>
  <controlfield tag="001">n 2015003471</controlfield>
  <controlfield tag="003">DLC</controlfield>
  <controlfield tag="005">20150116083745.0</controlfield>
  <controlfield tag="008">150116n| azannaabn          |b aaa      </controlfield>
  <datafield tag="010" ind1=" " ind2=" ">
    <subfield code="a">n 2015003471</subfield>
  </datafield>
  <datafield tag="040" ind1=" " ind2=" ">
    <subfield code="a">DLC</subfield>
    <subfield code="b">eng</subfield>
    <subfield code="c">DLC</subfield>
    <subfield code="e">rda</subfield>
  </datafield>
  <datafield tag="100" ind1="1" ind2=" ">
    <subfield code="a">Kuzuki, Kōichi</subfield>
  </datafield>
  <datafield tag="400" ind1="1" ind2=" ">
    <subfield code="a">葛城 浩一</subfield>
  </datafield>
  <datafield tag="667" ind1=" " ind2=" ">
    <subfield code="a">Non-Latin script reference not evaluated</subfield>
  </datafield>
  <datafield tag="670" ind1=" " ind2=" ">
    <subfield code="a">Kōtō kyōiku ni okeru shiminteki sekininkan no ikusei, 2014:</subfield>
    <subfield code="b">t.p. (葛城 浩一, Kuzuki Kōichi) colophon (r.; asst. prof., Kagawa Daigaku Daigaku Kyōiku Kaihatsu Sentā)</subfield>
  </datafield>
</record>